<?xml version="1.0" encoding="UTF-8"?><record xmlns="http://www.loc.gov/MARC21/slim" xmlns:cinclude="http://apache.org/cocoon/include/1.0" xmlns:zs="http://www.loc.gov/zing/srw/">
  <leader>00440nz  a2200145n  4500</leader>
  <controlfield tag="001">no2010134903</controlfield>
  <controlfield tag="003">DLC</controlfield>
  <controlfield tag="005">20100820075251.0</controlfield>
  <controlfield tag="008">100818n| acannaabn          |a aaa     c</controlfield>
  <datafield tag="010" ind1=" " ind2=" ">
    <subfield code="a">no2010134903</subfield>
  </datafield>
  <datafield tag="035" ind1=" " ind2=" ">
    <subfield code="a">(OCoLC)oca08596910</subfield>
  </datafield>
  <datafield tag="040" ind1=" " ind2=" ">
    <subfield code="a">OrU</subfield>
    <subfield code="b">eng</subfield>
    <subfield code="c">OrU</subfield>
  </datafield>
  <datafield tag="100" ind1="1" ind2=" ">
    <subfield code="a">Matthews, Kevin,</subfield>
    <subfield code="d">1911-1986.</subfield>
    <subfield code="t">Woman of Egypt.</subfield>
    <subfield code="l">Norwegian</subfield>
  </datafield>
  <datafield tag="400" ind1="1" ind2=" ">
    <subfield code="a">Matthews, Kevin,</subfield>
    <subfield code="d">1911-1986.</subfield>
    <subfield code="t">Gladiatoren og hans kvinne</subfield>
  </datafield>
  <datafield tag="670" ind1=" " ind2=" ">
    <subfield code="a">Gladiatoren og hans kvinne, c1958.</subfield>
  </datafield>
</record>